Translation of APL paper references
#NN will refer to the numbering in that work

#1
@article{sciaini_femtosecond_2011,
  author={Germ\'an Sciaini and R J Dwayne Miller},
  title={Femtosecond electron diffraction: heralding the era of atomically resolved dynamics},
  journal={Reports on Progress in Physics},
  volume={74},
  number={9},
  pages={096101},
  url={http://stacks.iop.org/0034-4885/74/i=9/a=096101},
  year={2011},
},

#2 king_ultrafast_2005

#3
@article{dowell_cathode_2010,
title = "Cathode R\&D for future light sources",
journal = "Nuclear Instruments and Methods in Physics Research Section A: Accelerators, Spectrometers, Detectors and Associated Equipment",
volume = "622",
number = "3",
pages = "685 - 697",
year = "2010",
note = "",
issn = "0168-9002",
doi = "10.1016/j.nima.2010.03.104",
url = "http://www.sciencedirect.com/science/article/pii/S0168900210006868",
author = "D.H. Dowell and I. Bazarov and B. Dunham and K. Harkay and C. Hernandez-Garcia and R. Legg and H. Padmore and T. Rao and J. Smedley and W. Wan",
keywords = "Cathode research",
keywords = "Electron source",
keywords = "Photocathodes",
keywords = "Quantum efficiency",
keywords = "Thermal emittance",
keywords = "High average current",
keywords = "Energy recovery linacs"
},

#4
@article{dowell_quantum_2009,
  title = {Quantum efficiency and thermal emittance of metal photocathodes},
  author = {Dowell, David H. and Schmerge, John F.},
  journal = {Phys. Rev. ST Accel. Beams},
  volume = {12},
  issue = {7},
  pages = {074201},
  numpages = {10},
  year = {2009},
  month = {Jul},
  doi = {10.1103/PhysRevSTAB.12.074201},
  url = {http://link.aps.org/doi/10.1103/PhysRevSTAB.12.074201},
  publisher = {American Physical Society}
},

#5
@article{jensen_emittance_2010,
author = {K. L. Jensen and P. G. O'Shea and D. W. Feldman and J. L. Shaw},
collaboration = {},
title = {Emittance of a field emission electron source},
publisher = {AIP},
year = {2010},
journal = {Journal of Applied Physics},
volume = {107},
number = {1},
eid = {014903},
numpages = {14},
pages = {014903},
keywords = {field emitter arrays; space charge},
url = {http://link.aip.org/link/?JAP/107/014903/1},
doi = {10.1063/1.3267288}
},

#6
@article{valfells_effects_2002,
author = {Agust Valfells and D. W. Feldman and M. Virgo and P. G. O'Shea and Y. Y. Lau},
collaboration = {},
title = {Effects of pulse-length and emitter area on virtual cathode formation in electron guns},
publisher = {AIP},
year = {2002},
journal = {Physics of Plasmas},
volume = {9},
number = {5},
pages = {2377-2382},
keywords = {electron guns; photoemission; photocathodes; current density},
url = {http://link.aip.org/link/?PHP/9/2377/1},
doi = {10.1063/1.1463065}
}

#7 berger_dc_2009

#8
@article{johnson_optical_1972,
  title = {Optical Constants of the Noble Metals},
  author = {Johnson, P. B. and Christy, R. W.},
  journal = {Phys. Rev. B},
  volume = {6},
  issue = {12},
  pages = {4370--4379},
  year = {1972},
  month = {Dec},
  doi = {10.1103/PhysRevB.6.4370},
  url = {http://link.aps.org/doi/10.1103/PhysRevB.6.4370},
  publisher = {American Physical Society}
}

#9 berger_semi-analytic_2010

#10 berger_high-power_2008

#11 togawa_ceb6_2007

#12
@article{monjushiro_ultraviolet_1991
  title = {Ultraviolet Photoelectron Yield Spectra of Thin Gold Films Measured in Air},
  author = {H. Monjushiro and I. Watanabe and Y. Yokoyama},
  journal = {Anal. Sci.},
  volume = {7},
  pages = {543--547},
  year = {1991},
  doi = {10.2116/analsci.7.537},
  publisher = {The Japan Society for Analytical Chemistry}
}

#13
@article{eastman_photoelectric_1970,
  title = {Photoelectric Work Functions of Transition, Rare-Earth, and Noble Metals},
  author = {Eastman, D. E.},
  journal = {Phys. Rev. B},
  volume = {2},
  issue = {1},
  pages = {1--2},
  year = {1970},
  month = {Jul},
  doi = {10.1103/PhysRevB.2.1},
  url = {http://link.aps.org/doi/10.1103/PhysRevB.2.1},
  publisher = {American Physical Society}
}
